@misc{WebAlzheimerDementia,
	title        = {Indonesia: Alzheimer/Demensia},
	author       = {WHO},
	year         = 2020,
	booktitle    = {World Health Rangkings},
	url          = {https://www.worldlifeexpectancy.com/id/indonesia-alzheimers-dementia}
}
@article{Kardani2022,
	title        = {A novel improved Harris Hawks optimization algorithm coupled with ELM for predicting permeability of tight carbonates},
	author       = {Kardani, Navid and Bardhan, Abidhan and Roy, Bishwajit and Samui, Pijush and Nazem, Majidreza and Armaghani, Danial Jahed and Zhou, Annan},
	year         = 2022,
	month        = 12,
	journal      = {Eng. with Comput.},
	publisher    = {Springer-Verlag},
	address      = {Berlin, Heidelberg},
	volume       = 38,
	number       = {Suppl 5},
	pages        = {4323--4346},
	doi          = {10.1007/s00366-021-01466-9},
	issn         = {0177-0667},
	url          = {https://doi.org/10.1007/s00366-021-01466-9},
	keywords     = {HHO,IHHO,Machine learning,Metaheuristic optimisation,Permeability,SMA}
}
@book{Abunadi2022,
	title        = {Deep and hybrid learning of MRI diagnosis for early detection of the progression stages in Alzheimer's disease},
	author       = {Abunadi, Ibrahim},
	year         = 2022,
	booktitle    = {Connection Science},
	volume       = 34,
	number       = 1,
	pages        = {2395--2430},
	doi          = {10.1080/09540091.2022.2123450},
	isbn         = {0000000000},
	issn         = 13600494,
	url          = {https://doi.org/10.1080/09540091.2022.2123450},
	keywords     = {Alzheimer's disease,Deep learning,LBP,hybrid technique,machine learning,neural networks}
}
@article{Ahmad2020,
	title        = {Discriminative Feature Learning for Skin Disease Classification Using Deep Convolutional Neural Network},
	author       = {Ahmad, Belal and Usama, Mohd and Huang, Chuen Min and Hwang, Kai and Hossain, M. Shamim and Muhammad, Ghulam},
	year         = 2020,
	journal      = {IEEE Access},
	publisher    = {IEEE},
	volume       = 8,
	pages        = {39025--39033},
	doi          = {10.1109/ACCESS.2020.2975198},
	issn         = 21693536,
	keywords     = {Discriminative feature learning,convolutional neural networks,skin disease,triplet loss function}
}
@article{Ahmed2020,
	title        = {Hand gesture recognition using an IR-UWB radar with an inception module-based classifier},
	author       = {Ahmed, Shahzad and Cho, Sung Ho},
	year         = 2020,
	journal      = {Sensors (Switzerland)},
	volume       = 20,
	number       = 2,
	doi          = {10.3390/s20020564},
	issn         = 14248220,
	keywords     = {Computer interaction,Deep learning,Hand gesture recognition,Human,IR-UWB radar,Inception module},
	pmid         = 31968587
}
@article{Ahn2018,
	title        = {Convolutional neural network-based classification system design with compressed wireless sensor network images},
	author       = {Ahn, Jungmo and Park, Jaeyeon and Park, Donghwan and Paek, Jeongyeup and Ko, Jeonggil},
	year         = 2018,
	journal      = {PLoS ONE},
	volume       = 13,
	number       = 5,
	pages        = {1--25},
	doi          = {https://doi.org/10.1371/journal.pone.0196251},
	isbn         = 1111111111
}
@article{Al-Finatunnimah2020,
	title        = {Pelaksanaan Senam Otak untuk Peningkatan Fungsi Kognitif pada Lansia dengan Demensia},
	author       = {Al-Finatunni'mah, Aisyatu and Nurhidayati, Tri},
	year         = 2020,
	journal      = {Ners Muda},
	volume       = 1,
	number       = 2,
	pages        = 139,
	doi          = {10.26714/nm.v1i2.5666}
}
@article{Alamsyah2019,
	title        = {Faster R-CNN with inception v2 for fingertip detection in homogenous background image},
	author       = {Alamsyah, Derry and Fachrurrozi, Muhammad},
	year         = 2019,
	journal      = {Journal of Physics: Conference Series},
	volume       = 1196,
	number       = 1,
	doi          = {10.1088/1742-6596/1196/1/012017},
	issn         = 17426596
}
@article{Ali2022,
	title        = {A Two-Tier Framework Based on GoogLeNet and YOLOv3 Models for Tumor Detection in MRI},
	author       = {Ali, Farman and Khan, Sadia and Abbas, Arbab Waseem and Shah, Babar and Hussain, Tariq and Song, Dongho and El-Sappagh, Shaker and Singh, Jaiteg},
	year         = 2022,
	journal      = {All Works},
	volume       = 72,
	pages        = 4919,
	doi          = {10.32604/cmc.2022.024103},
	url          = {https://zusholars.zu.ac.ae/works/4919}
}
@article{Alizamir2020,
	title        = {Kernel extreme learning machine: An efficient model for estimating daily dew point temperature using weather data},
	author       = {Alizamir, Meysam and Kim, Sungwon and Zounemat-Kermani, Mohammad and Heddam, Salim and Kim, Nam Won and Singh, Vijay P.},
	year         = 2020,
	journal      = {Water (Switzerland)},
	volume       = 12,
	number       = 9,
	doi          = {10.3390/W12092600},
	issn         = 20734441,
	keywords     = {Climatic data,Daily dew point temperature,Estimation,Kernel extreme learning machine}
}
@article{Alsaeed2022,
	title        = {Brain MRI Analysis for Alzheimer's Disease Diagnosis Using CNN-Based Feature Extraction and Machine Learning},
	author       = {Alsaeed, Duaa and Omar, Samar Fouad},
	year         = 2022,
	journal      = {Sensors},
	volume       = 22,
	number       = 2911,
	doi          = {https://doi.org/10.3390/s22082911},
	keywords     = {alzheimer,brain imaging,cnn,convolutional neural network,deep learning,mri,s disease}
}
@article{AlTahhan2023,
	title        = {Refined Automatic Brain Tumor Classification Using Hybrid Convolutional Neural Networks for MRI Scans},
	author       = {AlTahhan, Fatma E. and Khouqeer, Ghada A. and Saadi, Sarmad and Elgarayhi, Ahmed and Sallah, Mohammed},
	year         = 2023,
	journal      = {Diagnostics},
	volume       = 13,
	number       = 5,
	doi          = {10.3390/diagnostics13050864},
	isbn         = 2010017803,
	issn         = 20754418,
	keywords     = {AlexNet CNN,GoogleNet CNN,K-nearest neighbor (KNN),T1 MRI scans,brain tumors classification,support vector machine (SVM)}
}
@misc{AlzheimersDiseaseInternational2022,
	title        = {About Alzheimer's \& Dementia},
	author       = {Alzheimer's Disease International},
	year         = 2022,
	url          = {https://www.alzint.org/about/},
	urldate      = {2024-08-18}
}
@misc{AlzheimersIndonesia2019,
	title        = {Statistik tentang Demensia},
	author       = {Alzheimer's Indonesia},
	year         = 2019,
	url          = {https://alzi.or.id/statistik-tentang-demensia/},
	urldate      = {2024-08-18}
}
@article{Arisanti2022,
	title        = {The Extension of Moore-Penrose Generalized Inverse for Extreme Learning Machine in Forecasting USD/IDR Exchange Rate as Impact of COVID-19},
	author       = {Arisanti, Restu and Simbolon, Syela Norika and Pontoh, Resa Septiani},
	year         = 2022,
	journal      = {SICK Publishing Corporation},
	pages        = {1--14}
}
@article{Association2024,
	title        = {Alzheimer ' s disease facts and figures},
	author       = {Association, Alzheimer's},
	year         = 2024,
	journal      = {Alzheimers Dement},
	volume       = 20,
	number       = 5,
	keywords     = {2013 Alzheimer's Disease Facts and Figures}
}
@article{Awaluddin2023,
	title        = {Investigating Effective Geometric Transformation for Image Augmentation to Improve Static Hand Gestures with a Pre-Trained Convolutional Neural Network},
	author       = {Awaluddin, Baiti-ahmad and Chao, Chun-tang and Chiou, Juing-Shian},
	year         = 2023,
	journal      = {Mathematics},
	volume       = 11,
	number       = 23,
	pages        = 4783,
	doi          = {https://doi.org/10.3390/math11234783},
	keywords     = {geometric transformation,hand gesture recognition,image augmentation,inception,mobilenet,resnet,static datasets}
}
@article{Bae2020,
	title        = {Feature Extraction Model Based on Inception V3 to Distinguish Normal Heart Sound from Systolic Murmur},
	author       = {Bae, Jinhee and Kim, Minwoo and Lim, Joon S.},
	year         = 2020,
	journal      = {International Conference on ICT Convergence},
	volume       = {2020-Octob},
	pages        = {460--463},
	doi          = {10.1109/ICTC49870.2020.9289317},
	isbn         = 9781728167589,
	issn         = 21621241,
	keywords     = {feature extractor,inception v3,mel-spectrogram,point-biserial coefficient correlation}
}
@article{BariAntor2021,
	title        = {A Comparative Analysis of Machine Learning Algorithms to Predict Alzheimer's Disease},
	author       = {Bari Antor, Morshedul and Jamil, A. H.M.Shafayet and Mamtaz, Maliha and Monirujjaman Khan, Mohammad and Aljahdali, Sultan and Kaur, Manjit and Singh, Parminder and Masud, Mehedi},
	year         = 2021,
	journal      = {Journal of Healthcare Engineering},
	volume       = 2021,
	doi          = {10.1155/2021/9917919},
	issn         = 20402309,
	pmid         = 34336171
}
@article{Bhatt2021,
	title        = {CNN Variants for Computer Vision: History, Architecture, Application, Challenges and Future Scope},
	author       = {Bhatt, Dulari and Patel, Chirag and Talsania, Hardik and Patel, Jigar and Vaghela, Rasmika and Pandya, Sharnil},
	year         = 2021,
	journal      = {Electronics},
	volume       = 10,
	number       = 2470,
	pages        = {1--28}
}
@article{Breijyeh2021,
	title        = {a Comprehensive Review on Alzheimer'S Disease},
	author       = {Breijyeh, Zeinab and Karaman, Rafik},
	year         = 2021,
	journal      = {World Journal of Pharmacy and Pharmaceutical Sciences},
	volume       = 10,
	number       = 7,
	pages        = 1170,
	doi          = {10.20959/wjpps20217-19427},
	keywords     = {Alzheimerâ€Ÿs disease,cognitive impairment,loss of memory,oxidative stress.,tau protein,$\beta$ amyloid}
}
@article{Chen2023,
	title        = {Review of Image Classification Algorithms Based on Convolutional Neural Networks},
	author       = {Chen, Leiyu and Li, Shaobo and Bai, Qiang and Yang, Jing and Jiang, Sanlong and Miao, Yamming},
	year         = 2023,
	journal      = {remote sensing},
	volume       = 13,
	number       = 4712,
	pages        = {299--302},
	doi          = {https://doi.org/10.3390/rs13224712},
	isbn         = 9798350310221,
	keywords     = {EfficientNet,convolutional neural network,images}
}
@article{Cheng2020,
	title        = {Forecasting Monthly Runoff Time Series by Single-Layer Feedforward Artificial Neural Network and Grey Wolf Optimizer},
	author       = {Cheng, Xiong and Feng, Zhong Kai and Niu, Wen Jing},
	year         = 2020,
	journal      = {IEEE Access},
	volume       = 8,
	pages        = {157346--157355},
	doi          = {10.1109/ACCESS.2020.3019574},
	issn         = 21693536,
	keywords     = {Hydrologic forecasting,artificial neural network,extreme learning machine,grey wolf optimizer}
}
@article{CitraR2024,
	title        = {Klasifikasi Tumor Otak Berbasis Magnetic Resonance Imaging Menggunakan Algoritma Convolutional Neural Network},
	author       = {Citra R, Fatmah and Indriyani, Fintri and Rahadjeng, Indra Riyana},
	year         = 2024,
	journal      = {Digital Transformation Technology},
	volume       = 3,
	number       = 2,
	pages        = {918--924},
	doi          = {10.47709/digitech.v3i2.3469}
}
@misc{Dementia2021,
	title        = {What is Dementia},
	author       = {Dementia, U. K.},
	year         = 2021,
	url          = {https://keystonemedical.com.sg/dementia/},
	urldate      = {2024-08-30}
}
@article{Dhana2022,
	title        = {Association of Subjective Memory Complaints with White Matter Hyperintensities and Cognitive Decline among Older Adults in Chicago, Illinois},
	author       = {Dhana, Anisa and Decarli, Charles and Dhana, Klodian and Desai, Pankaja and Krueger, Kristin and Evans, Denis A. and Rajan, Kumar B.},
	year         = 2022,
	journal      = {JAMA Network Open},
	volume       = 5,
	number       = 4,
	pages        = {E227512},
	doi          = {10.1001/jamanetworkopen.2022.7512},
	issn         = 25743805,
	pmid         = 35426922
}
@article{Doneva2020,
	title        = {Mathematical Models for Magnetic Resonance Imaging Reconstruction: An Overview of the Approaches, Problems, and Future Research Areas},
	author       = {Doneva, Mariya},
	year         = 2020,
	journal      = {IEEE Signal Processing Magazine},
	volume       = 37,
	number       = 1,
	pages        = {24--32},
	doi          = {10.1109/MSP.2019.2936964},
	issn         = 15580792
}
@phdthesis{Dorado2022,
	title        = {Convolutional Neural Networks based on Brain MRI for Alzheimer's Disease Detection},
	author       = {Dorado, Noelia Civico},
	year         = 2022,
	number       = {8.5.2017},
	pages        = {2003--2005},
	url          = {https://escholarship.org/content/qt8k41168r/qt8k41168r_noSplash_c55582427d2d8786f79a221e8aacc86c.pdf},
	school       = {University of California, Irvine},
	type         = {Thesis}
}
@article{El-Assy2024,
	title        = {A novel CNN architecture for accurate early detection and classification of Alzheimer's disease using MRI data},
	author       = {El-Assy, A. M. and Amer, Hanan M. and Ibrahim, H. M. and Mohamed, M. A.},
	year         = 2024,
	journal      = {Scientific Reports},
	publisher    = {Nature Publishing Group UK},
	volume       = 14,
	number       = 1,
	pages        = {1--19},
	doi          = {10.1038/s41598-024-53733-6},
	isbn         = {0123456789},
	issn         = 20452322,
	url          = {https://doi.org/10.1038/s41598-024-53733-6},
	keywords     = {Alzheimer's disease,Convolutional neural network,Deep learning,Explain ability,Intelligent systems},
	pmid         = 38342924
}
@article{Enireddy2020,
	title        = {Detection of COVID-19 using Hybrid ResNet and SVM},
	author       = {Enireddy, Vamsidhar and Kumar, Mathe John Kenny and Donepudi, Babitha and Karthikeyan, C.},
	year         = 2020,
	journal      = {IOP Conference Series: Materials Science and Engineering},
	volume       = 993,
	number       = 1,
	doi          = {10.1088/1757-899X/993/1/012046},
	issn         = {1757899X},
	keywords     = {COVID-19,Deep Learning,ResNet50,Support Vector Machine,VGG16}
}
@article{Ertel2023,
	title        = {Predicting the Severity of New Sars-Cov-2 Variants in Vaccinated Patients Using Machine Learning},
	author       = {Ertel, Merouane and Sadqui, Azeddine and Amali, Said and Mahmoudi, Intissar and Bouferma, Younes and Faddouli, Nour Eddine El},
	year         = 2023,
	journal      = {Journal of Theoretical and Applied Information Technology},
	volume       = 101,
	number       = 10,
	pages        = {4078--4086},
	issn         = 18173195,
	keywords     = {Clinical Decision Support,Covid-19,Machine Learning,Ordinal Classification, Multi-Class Classification,Personalized Medicine}
}
@article{Ferreira2014,
	title        = {Meta-review of CSF core biomarkers in Alzheimer's disease: The state-of-the-art after the new revised diagnostic criteria},
	author       = {Ferreira, Daniel and Perestelo-Perez, Lilisbeth and Westman, Eric and Wahlund, Lars Olof and Sarrisa, Antonio and Serrano-Aguilar, Pedro},
	year         = 2014,
	journal      = {Frontiers in Aging Neuroscience},
	volume       = 6,
	number       = {MAR},
	pages        = {1--24},
	doi          = {10.3389/fnagi.2014.00047},
	issn         = 16634365,
	keywords     = {Alzheimer's disease,Amyloid beta-protein (42),Cerebrospinal fluid biomarkers,Meta-review,Sensitivity,Specificity,State-of-the-art review,Tau protein}
}
@article{Gao2020,
	title        = {Design and implementation of an approximate softmax layer for deep neural networks},
	author       = {Gao, Yue and Liu, Weiqiang and Lombardi, Fabrizio},
	year         = 2020,
	journal      = {Proceedings - IEEE International Symposium on Circuits and Systems},
	volume       = {2020-Octob},
	doi          = {10.1109/iscas45731.2020.9180870},
	isbn         = 9781728133201,
	issn         = {02714310},
	keywords     = {Deep neural network,FPGA implementation,S,Softmax layer}
}
@article{Giri2021,
	title        = {Transfer Learning Based Image Visualization Using CNN},
	author       = {Giri, Santosh and Joshi, Basanta},
	year         = 2021,
	journal      = {International Journal of Attificial Intelligence and Applications (IJAIA)},
	volume       = 11,
	number       = 4,
	pages        = {1--12},
	doi          = {10.5121/ijaia.2019.11404}
}
@article{Hardianto2023,
	title        = {MRI Otak Demensia: Protokol RSUP Dr. Sardjito Yogyakarta},
	author       = {Hardianto, Dedi and Fatimah and Jannah, Marichatul},
	year         = 2023,
	journal      = {Jurnal Imejing Diagnostik (JImeD)},
	volume       = 9,
	pages        = {68--74},
	keywords     = {brain mri,dementia,susceptibility weighted image,swi}
}
@article{Hicks2022,
	title        = {On evaluation metrics for medical applications of artificial intelligence},
	author       = {Hicks, Steven A. and Strumke, Inga and Thambawita, Vajira and Hammou, Malek and Riegler, Michael A. and Halvorsen, Paal and Parasa, Sravanthi},
	year         = 2022,
	journal      = {Scientific Reports},
	publisher    = {Nature Publishing Group UK},
	volume       = 12,
	number       = 1,
	pages        = {1--9},
	doi          = {10.1038/s41598-022-09954-8},
	isbn         = 4159802209954,
	issn         = 20452322,
	url          = {https://doi.org/10.1038/s41598-022-09954-8},
	pmid         = 35395867
}
@article{Hosna2022,
	title        = {Transfer learning: a friendly introduction},
	author       = {Hosna, Asmaul and Merry, Ethel and Gyalmo, Jigmey and Alom, Zulfikar and Aung, Zeyar and Azim, Mohammad Abdul},
	year         = 2022,
	journal      = {Journal of Big Data},
	publisher    = {Springer International Publishing},
	volume       = 9,
	number       = 1,
	doi          = {10.1186/s40537-022-00652-w},
	issn         = 21961115,
	url          = {https://doi.org/10.1186/s40537-022-00652-w},
	keywords     = {Domain adaptation,Image classification,Machine learning,Multi-task learning,Sample selection,Sentiment classification,Transfer learning,Zero shot translation}
}
@article{Huang2012,
	title        = {Extreme learning machine for regression and multiclass classification},
	author       = {Huang, Guang Bin and Zhou, Hongming and Ding, Xiaojian and Zhang, Rui},
	year         = 2012,
	journal      = {IEEE Transactions on Systems, Man, and Cybernetics, Part B: Cybernetics},
	volume       = 42,
	number       = 2,
	pages        = {513--529},
	doi          = {10.1109/TSMCB.2011.2168604},
	issn         = 10834419,
	keywords     = {Extreme learning machine (ELM),feature mapping,kernel,least square support vector machine (LS-SVM),proximal support vector machine (PSVM),regularization network},
	pmid         = 21984515
}
@article{Iparraguirre-Villanueva2022,
	title        = {Convolutional Neural Networks with Transfer Learning for Pneumonia Detection},
	author       = {Iparraguirre-Villanueva, Orlando and Guevara-Ponce, Victor and Paredes, Ofelia Roque and Sierra-Lian, Fernando and Zapata-Paulini, Joselyn and Cabanillas-Carbonell, Michael},
	year         = 2022,
	journal      = {International Journal of Advanced Computer Science and Applications},
	volume       = 13,
	number       = 9,
	pages        = {544--551},
	doi          = {10.14569/IJACSA.2022.0130963},
	issn         = 21565570,
	keywords     = {Convolutional,Detection,Neural networks,Pneumonia,Transfer learning}
}
@article{Ismail2024,
	title        = {Klasifikasi Penyakit Alzheimer pada Citra Medis Magnetic Resonance Images dengan Arsitektur DenseNet121},
	author       = {Ismail, Muhamad Yusuf and Sunyoto, Andi and Purwanto, Agus},
	year         = 2024,
	journal      = {Jurnal Ilmiah Komputasi},
	volume       = 23,
	number       = 2,
	pages        = {275--282},
	doi          = {10.32409/jikstik.23.2.3600},
	issn         = 14129434
}
@article{John2023,
	title        = {Depth Concatenation Using a Matrix Computation Unit},
	author       = {John, William and Clifford, Reginald},
	year         = 2023,
	journal      = {European Patent Office},
	volume       = 2,
	number       = 19
}
@article{Kang2020,
	title        = {Identifying Early Mild Cognitive Impairment by Multi-Modality MRI-Based Deep Learning},
	author       = {Kang, Li and Jiang, Jingwan and Huang, Jianjun and Zhang, Tijiang},
	year         = 2020,
	journal      = {Frontiers in Aging Neuroscience},
	volume       = 12,
	number       = {September},
	pages        = {1--10},
	doi          = {10.3389/fnagi.2020.00206},
	issn         = 16634365,
	keywords     = {convolutional neural network,early mild cognitive impairment,multi-modality diagnosis,support vector machine,transfer learning}
}
@article{Karakaya2022,
	title        = {Classification and Segmentation of Alzheimer Disease in MRI Modality using Deep Convolutional Neural Networks},
	author       = {Karakaya, Furkan and Gurkan, Caglar and Budak, Abdulkadir and Karatas, Hakan},
	year         = 2022,
	journal      = {European Journal of Science and Technology},
	number       = 40,
	pages        = {99--105},
	doi          = {10.31590/ejosat.1171810}
}
@article{Kim2022,
	title        = {Transfer learning for medical image classification: a literature review},
	author       = {Kim, Hee E. and Cosa-Linan, Alejandro and Santhanam, Nandhini and Jannesari, Mahboubeh and Maros, Mate E. and Ganslandt, Thomas},
	year         = 2022,
	journal      = {BMC Medical Imaging},
	publisher    = {BioMed Central},
	volume       = 22,
	number       = 1,
	pages        = {1--13},
	doi          = {10.1186/s12880-022-00793-7},
	issn         = 14712342,
	url          = {https://doi.org/10.1186/s12880-022-00793-7},
	keywords     = {Convolutional neural network,Deep learning,Fine-tuning,Medical image analysis,Transfer learning},
	pmid         = 35418051
}
@article{Kose2021,
	title        = {Physical and technical aspects of human magnetic resonance imaging: present status and 50 years historical review},
	author       = {Kose, Katsumi},
	year         = 2021,
	journal      = {Advances in Physics: X},
	publisher    = {Taylor \& Francis},
	volume       = 6,
	number       = 1,
	pages        = {1--26},
	doi          = {10.1080/23746149.2021.1885310},
	issn         = 23746149,
	url          = {https://doi.org/10.1080/23746149.2021.1885310},
	keywords     = {MRI,MRI history,MRI simulation,MRI vender}
}
@article{Kusrini2022,
	title        = {a Deep-Learning Framework for Accurate and Robust Detection of Adult Content},
	author       = {Kusrini, Kusrini and Setyanto, Arief and Agastya, I. Made Artha and Hartatik, Hartatik and Chandramouli, Krishna and Izquierdo, Ebroul},
	year         = 2022,
	journal      = {Journal of Engineering Science and Technology},
	volume       = 17,
	number       = 3,
	pages        = {2104--2119},
	issn         = 18234690,
	keywords     = {Adult content,Convolutional neural network,LSTM network,NPDI dataset,Video classification}
}
@article{Lazli2019,
	title        = {Computer-aided diagnosis system of alzheimer's disease based on multimodal fusion: Tissue quantification based on the hybrid fuzzy-genetic-possibilistic model and discriminative classification based on the SVDD model},
	author       = {Lazli, Lilia and Boukadoum, Mounir and Mohamed, Otmane Ait},
	year         = 2019,
	journal      = {Brain Sciences},
	volume       = 9,
	number       = 10,
	doi          = {10.3390/brainsci9100289},
	issn         = 20763425,
	keywords     = {Alzheimer's disease,Bias corrected FCM clustering,CAD system,Genetic optimization,Multimodal fusion,Possibilistic FCM clustering,SVDD classifier,Tissue volume quantification}
}
@article{Li2022,
	title        = {A Kernel Extreme Learning Machine-Grey Wolf Optimizer (KELM-GWO) Model to Predict Uniaxial Compressive Strength of Rock},
	author       = {Li, Chuanqi and Zhou, Jian and Dias, Daniel and Gui, Yilin},
	year         = 2022,
	journal      = {Applied Sciences (Switzerland)},
	volume       = 12,
	number       = 17,
	doi          = {10.3390/app12178468},
	issn         = 20763417,
	keywords     = {grey wolf optimizer (GWO),kernel extreme learning machine (KELM),mean impact value (MIV),uniaxial compressive strength (UCS)}
}
@article{LI2022100819,
	title        = {Developing hybrid ELM-ALO, ELM-LSO and ELM-SOA models for predicting advance rate of TBM},
	author       = {Li, Chuanqi and Zhou, Jian and Tao, Ming and Du, Kun and Wang, Shaofeng and {Jahed Armaghani}, Danial and {Tonnizam Mohamad}, Edy},
	year         = 2022,
	journal      = {Transportation Geotechnics},
	volume       = 36,
	pages        = 100819,
	doi          = {https://doi.org/10.1016/j.trgeo.2022.100819},
	issn         = {2214-3912},
	url          = {https://www.sciencedirect.com/science/article/pii/S2214391222001039},
	keywords     = {Advance rate,Ant Lion Optimizer (ALO),Extreme learning machine (ELM),Loin swarm optimization (LSO),Seagull optimization algorithm (SOA),Tunnel boring machines (TBM)}
}
@article{Liang2021,
	title        = {Mortality rates in Alzheimer's disease and non-Alzheimer's dementias: a  systematic review and meta-analysis.},
	author       = {Liang, Chih-Sung and Li, Dian-Jeng and Yang, Fu-Chi and Tseng, Ping-Tao and Carvalho, Andre F and Stubbs, Brendon and Thompson, Trevor and Mueller, Christoph and Shin, Jae Il and Radua, Joaquim and Stewart, Robert and Rajji, Tarek K and Tu, Yu-Kang and Chen, Tien-Yu and Yeh, Ta-Chuan and Tsai, Chia-Kuang and Yu, Chia-Ling and Pan, Chih-Chuan and Chu, Che-Sheng},
	year         = 2021,
	month        = 8,
	journal      = {The lancet. Healthy longevity},
	volume       = 2,
	number       = 8,
	pages        = {e479--e488},
	doi          = {10.1016/S2666-7568(21)00140-9},
	issn         = {2666-7568 (Electronic)},
	keywords     = {Alzheimer Disease,Cross-Sectional Studies,Dementia,Dementia, Vascular,Humans,Lewy Body Disease,complications,etiology},
	language     = {eng},
	pmid         = 36097997
}
@article{Lim2022,
	title        = {Deep Learning Model for Prediction of Progressive Mild Cognitive Impairment to Alzheimer ' s Disease Using Structural MRI},
	author       = {Lim, Bing Yan and Lai, Khin Wee and Haiskin, Khairunnisa and Kulathilake, K.A. Saneera Hemantha and Ong, Zhi Chao and Hum, Yan Chai and Dhanalakshmi, Samiappan and Wu, Xiang and Zuo, Xiaowei},
	year         = 2022,
	journal      = {Frontiers in Aging Neuroscience},
	volume       = 14,
	number       = {June},
	pages        = {1--10},
	doi          = {10.3389/fnagi.2022.876202},
	keywords     = {Alzheimer's disease,alzheimer,deep learning,magnetic resonance imaging,mild cognitive,mild cognitive impairment,prediction,s disease}
}
@article{Lin2019,
	title        = {Transfer learning based traffic sign recognition using inception-v3 model},
	author       = {Lin, Chunmian and Li, Lin and Luo, Wenting and Wang, Kelvin C.P. and Guo, Jiangang},
	year         = 2019,
	journal      = {Periodica Polytechnica Transportation Engineering},
	volume       = 47,
	number       = 3,
	pages        = {242--250},
	doi          = {10.3311/PPtr.11480},
	issn         = 15873811,
	keywords     = {Belgium Traffic Sign Database,Inception-v3 model,Traffic infrastructure maintenance,Traffic sign recognition,Transfer learning}
}
@article{Lin2023,
	title        = {A Comprehensive Study on Early Alzheimer's Disease Detection through Advanced Machine Learning Techniques on MRI Data},
	author       = {Lin, Qunwei and Che, Chang and Hu, Hao and Zhao, Xinyu and Li, Shulin},
	year         = 2023,
	journal      = {Academic Journal of Science and Technology},
	volume       = 8,
	number       = 1,
	pages        = {281--285},
	doi          = {10.54097/ajst.v8i1.14334},
	keywords     = {alzheimer,early detection,machine learning,mri,neural networks,s disease}
}
@article{Liu2020,
	title        = {Prediction of effluent quality in papermaking wastewater treatment processes using dynamic kernel-based extreme learning machine},
	author       = {Liu, Hongbin and Zhang, Yuchen and Zhang, Hao},
	year         = 2020,
	journal      = {Process Biochemistry},
	publisher    = {Elsevier},
	volume       = 97,
	number       = {April},
	pages        = {72--79},
	doi          = {10.1016/j.procbio.2020.06.020},
	issn         = 13595113,
	url          = {https://doi.org/10.1016/j.procbio.2020.06.020},
	keywords     = {Dynamic kernel extreme learning machine,Machine learning,Modeling and prediction,Papermaking wastewater treatment processes}
}
@article{Liu2023,
	title        = {Improved generalization performance of convolutional neural networks with LossDA},
	author       = {Liu, Juncheng and Zhao, Yili},
	year         = 2023,
	journal      = {Applied Intelligence},
	publisher    = {Applied Intelligence},
	volume       = 53,
	pages        = {13852--13866},
	doi          = {https://doi.org/10.1007/s10489-022-04208-6},
	keywords     = {Convolutional neural networks,Dynamic adjustment,Fully-connected layer,Generalization performance,Overfitting,convolutional neural networks,dynamic adjustment,fully-connected layer,generalization performance}
}
@article{Long2024,
	title        = {World Alzheimer Report 2024},
	author       = {Long, Simon and Benoist, Chloe and Weidner, Wendy},
	year         = 2024,
	journal      = {Alzeimer's Disease International},
	pages        = 94
}
@article{Lu2019,
	title        = {Distributed kernel extreme learning machines for aircraft engine failure diagnostics},
	author       = {Lu, Junjie and Huang, Jinquan and Lu, Feng},
	year         = 2019,
	journal      = {Applied Sciences (Switzerland)},
	volume       = 9,
	number       = 8,
	doi          = {10.3390/app9081707},
	issn         = 20763417,
	keywords     = {Aircraft engine,Distributed framework,Extreme learning machine,Failure diagnostic,Fusion,Kernel method}
}
@article{Lyu2022,
	title        = {Back-Propagation Neural Network Optimized by K-Fold Cross-Validation for Prediction of Torsional Strength of Reinforced Concrete Beam},
	author       = {Lyu, Zhaoqiu and Yu, Yang and Samali, Bijan and Rashidi, Maria and Mohammadi, Masoud and Nguyen, Thuc N. and Nguyen, Andy},
	year         = 2022,
	journal      = {Materials},
	volume       = 15,
	number       = 4,
	doi          = {10.3390/ma15041477},
	issn         = 19961944,
	keywords     = {Back-propagation neural network,Genetic algorithm,K-fold cross-validation,Reinforced concrete beam,Torsional behavior}
}
@article{Markoulidakis2024,
	title        = {Probabilistic Confusion Matrix: A Novel Method for Machine Learning Algorithm Generalized Performance Analysis},
	author       = {Markoulidakis, Ioannis and Markoulidakis, Georgios},
	year         = 2024,
	journal      = {Technologies},
	volume       = 12,
	number       = 7,
	doi          = {10.3390/technologies12070113},
	issn         = 22277080,
	keywords     = {class probabilities,classification problem,confusion matrix,cross-validation,generalized algorithm performance,machine learning}
}
@article{McKhann2012,
	title        = {The diagnosis of dementia due to Alzheimer's disease: Recommendation from the National Institute on Aging Alzheimer's Association workgroups on diagnostic guidelines for Alzheimer's disease.},
	author       = {McKhann, Guy M and Knopman, David S and Chertkow, Howard and Hyman, Bradley T and {Jack Jr}, Chifford R and Kawas, Claudia H and Klunk, William E and Koroshetz, Walter J and Manly, Jennifer J and Mayeux, Richard and Mohs, Richard C and Morris, John C and Rossor, Martin N and Scheltens, Philip and Carrillo, Maria C and Thies, Bill and Weintraub, Sandra and Phelps, Creighton H},
	year         = 2012,
	journal      = {Alzheimers Dement},
	volume       = 7,
	number       = 3,
	pages        = {263--269},
	doi          = {10.1016/j.jalz.2011.03.005.The}
}
@article{Mujahid2022,
	title        = {Pneumonia Classification from X-ray Images with Inception-V3 and Convolutional Neural Network},
	author       = {Mujahid, Muhammad and Rustam, Furqan and Alvarez, Roberto and Luis Vidal Mazon, Juan and Diez, Isabel de la Torre and Ashraf, Imran},
	year         = 2022,
	journal      = {Diagnostics},
	volume       = 12,
	number       = 5,
	pages        = {1--16},
	doi          = {10.3390/diagnostics12051280},
	issn         = 20754418,
	keywords     = {chest X-ray,deep learning,ensemble learning,pneumonia}
}
@article{Nandini2021,
	title        = {Dropout technique for image classification based on extreme learning machine},
	author       = {Nandini, Gangi Siva and Kumar, A.P. Siva and K, Chidananda},
	year         = 2021,
	journal      = {Global Transitions Proceedings},
	publisher    = {Elsevier B.V.},
	volume       = 2,
	number       = 1,
	pages        = {111--116},
	doi          = {10.1016/j.gltp.2021.01.015},
	issn         = {2666285X},
	keywords     = {CNN,Convolution,Dropout,Extreme learning machine,P}
}
@article{Nasution2020,
	title        = {Prediksi Price Earning Ratio Saham Menggunakan Algoritme Kernel Extreme Learning Machine (Studi Kasus: PT TELKOM)},
	author       = {Nasution, Mentari Adiza Putri and Cholissodin, Imam and Indriati},
	year         = 2020,
	journal      = {Jurnal Pengembangan Teknologi Informasi dan Ilmu Komputer (J-PTIIK) Universitas Brawijaya},
	volume       = 4,
	number       = 10,
	pages        = {3455--3462},
	url          = {https://j-ptiik.ub.ac.id/index.php/j-ptiik/article/view/8006},
	keywords     = {kernel extreme learning machine,mape,nested cross,predict,price earning ratio}
}
@article{Nizar2019,
	title        = {Pengaruh Variasi Time Repetition (Tr) Terhadap Kualitas Citradan Informasi Citra Pada Pemeriksaan Mri Lumbalsekuens T2 Fse Potongan Sagital},
	author       = {Nizar, Syafrudin and Fatimah, Fatimah and Kartili, Irwan},
	year         = 2019,
	journal      = {Jurnal Imejing Diagnostik (JImeD)},
	volume       = 5,
	number       = 2,
	pages        = 89,
	doi          = {10.31983/jimed.v5i2.4473},
	issn         = {2356-301X},
	keywords     = {cnr,image information,mri lumbal t2 fse,sagital,snr,time repetition,tr}
}
@article{Norhikmah2022,
	title        = {The Effect of Layer Batch Normalization and Dropout of CNN model Performance on Facial Expression Classification},
	author       = {Norhikmah and Lutfhi, Afdhal and Rumini},
	year         = 2022,
	journal      = {International Journal on Informatics Visualization},
	volume       = 6,
	number       = 2,
	pages        = {481--488},
	isbn         = 2022481488,
	url          = {www.joiv.org/index.php/joiv},
	keywords     = {Face recognition,batch normalization,convolutional neural network,dropout layer,facial expression}
}
@article{Novitasari2022,
	title        = {Image Fundus Classification System for Diabetic Retinopathy Stage Detection Using Hybrid CNN-DELM},
	author       = {Novitasari, Dian Candra Rini and Fatmawati, Fatmawati and Hendradi, Rimuljo and Rohayani, Hetty and Nariswari, Rinda and Arnita, Arnita and Hadi, Moch Irfan and Saputra, Rizal Amegia and Primadewi, Ardhin},
	year         = 2022,
	journal      = {Big Data and Cognitive Computing},
	volume       = 6,
	number       = 4,
	doi          = {10.3390/bdcc6040146},
	issn         = 25042289,
	keywords     = {CNN architecture,DELM classification,diabetic retinopathy,feature learning}
}
@article{Ozgur2020,
	title        = {Effect of Dropout layer on Classical Regression Problems},
	author       = {Ozgur, Atilla and Nar, Fatih},
	year         = 2020,
	journal      = {2020 28th Signal Processing and Communications Applications Conference, SIU 2020 - Proceedings},
	number       = {October},
	doi          = {10.1109/SIU49456.2020.9302054},
	isbn         = 9781728172064,
	keywords     = {deep learning,dropout,neural network,overfitting,regression,regularization}
}
@article{Paraijun2022,
	title        = {Implementasi Algoritma Convolutional Neural Network Dalam Mengklasifikasi Kesegaran Buah Berdasarkan Citra Buah},
	author       = {Paraijun, Femil and Aziza, Rosida Nur and Kuswardani, Dwina},
	year         = 2022,
	journal      = {Kilat},
	volume       = 11,
	number       = 1,
	pages        = {1--9},
	doi          = {10.33322/kilat.v10i2.1458},
	issn         = {2089-1245},
	keywords     = {confusion matrix,convolutional neural network,fruit freshness}
}
@article{Prado2021,
	title        = {Machine Learning for Diagnosis of Alzheimer's Disease and Early Stages},
	author       = {Prado, Julio Jose and Rojas, Ignacio},
	year         = 2021,
	journal      = {BioMedInformatics},
	volume       = 1,
	number       = 3,
	pages        = {182--200},
	doi          = {10.3390/biomedinformatics1030012},
	issn         = 26737426,
	keywords     = {Alzheimer's disease,cognitive impairment,convolutional neural networks,minimum redundancy maximum relevance,multiresolution analysis,support vector machine,transfer learning,wavelet transform}
}
@article{Prakash2024,
	title        = {Web Services Performance Prediction with Confusion Matrix and K-Fold Cross Validation to Provide Prior Service Quality Characteristics},
	author       = {Prakash, K and Kalaiarasan, C},
	year         = 2024,
	journal      = {Journal of Electrical Systems},
	volume       = 20,
	number       = {2s},
	pages        = {284--292},
	doi          = {10.52783/jes.1139},
	keywords     = {application development,application optimization,confusion,information technology,matrix,quality assessment,software components}
}
@book{Prince2015,
	title        = {World Alzheimer Report 2015 The Global Impact of Dementia},
	author       = {Prince, Prof Martin and Ali, Gemma-claire and Ali, Gemma-claire},
	year         = 2015,
	publisher    = {Alzheimer's Disease International (ADI)}
}
@article{Ramaneswaran2021,
	title        = {Hybrid Inception v3 XGBoost Model for Acute Lymphoblastic Leukemia Classification},
	author       = {Ramaneswaran, S. and Srinivasan, Kathiravan and Vincent, P. M.Durai Raj and Chang, Chuan Yu},
	year         = 2021,
	journal      = {Computational and Mathematical Methods in Medicine},
	volume       = 2021,
	pages        = {1--10},
	doi          = {10.1155/2021/2577375},
	issn         = 17486718
}
@article{Rana2023,
	title        = {A robust and clinically applicable deep learning model for early detection of Alzheimer's},
	author       = {Rana, Md Masud and Islam, Md Manowarul and Talukder, Md Alamin and Uddin, Md Ashraf and Aryal, Sunil and Alotaibi, Naif and Alyami, Salem A. and Hasan, Khondokar Fida and Moni, Mohammad Ali},
	year         = 2023,
	journal      = {IET Image Processing},
	volume       = 17,
	number       = 14,
	pages        = {3959--3975},
	doi          = {10.1049/ipr2.12910},
	issn         = 17519667,
	keywords     = {brain,cancer,deep learning,diseases,tumours}
}
@article{Rashid2020,
	title        = {A sustainable deep learning framework for object recognition using multi-layers deep features fusion and selection},
	author       = {Rashid, Muhammad and Khan, Muhammad Attique and Alhaisoni, Majed and Wang, Shui Hua and Naqvi, Syed Rameez and Rehman, Amjad and Saba, Tanzila},
	year         = 2020,
	journal      = {Sustainability (Switzerland)},
	volume       = 12,
	number       = 12,
	doi          = {10.3390/su12125037},
	issn         = 20711050,
	keywords     = {Deep learning,Features fusion,Features selection,Object classification,Recognition}
}
@article{Saidah2022,
	title        = {Modifikasi Convolutional Neural Network Arsitektur GoogLeNet dengan Dull Razor Filtering untuk Klasifikasi Kanker Kulit},
	author       = {Sa'idah, Sofia and Suparta, I Putu Yowan Nugraha and Suhartono, Efri},
	year         = 2022,
	journal      = {Jurnal Nasional Teknik Elektro dan Teknologi Informasi},
	volume       = 11,
	number       = 2,
	pages        = {148--153},
	doi          = {10.22146/jnteti.v11i2.2739},
	issn         = {2301-4156}
}
@article{Sari2022,
	title        = {Hubungan tingkat pendidikan dengan status demensia pada lansia berdasarkan kajian data sekunder di Posbindu Caringin},
	author       = {Sari, Mambang and Tarigan, Dicky Priyatno and Rafiyah, Imas},
	year         = 2022,
	journal      = {Jurnal Keperawatan Muhammadiyah},
	volume       = 7,
	number       = 2,
	pages        = {162--170},
	url          = {https://journal.um-surabaya.ac.id/index.php/JKM/article/view/12380},
	keywords     = {Dementia status,Elderly,Level of Education}
}
@article{Shamrat2023,
	title        = {AlzheimerNet: An Effective Deep Learning Based Proposition for Alzheimer's Disease Stages Classification From Functional Brain Changes in Magnetic Resonance Images},
	author       = {Shamrat, F. M.Javed Mehedi and Akter, Shamima and Azam, Sami and Karim, Asif and Ghosh, Pronab and Tasnim, Zarrin and Hasib, Khan Md and {De Boer}, Friso and Ahmed, Kawsar},
	year         = 2023,
	journal      = {IEEE Access},
	publisher    = {IEEE},
	volume       = 11,
	pages        = {16376--16395},
	doi          = {10.1109/ACCESS.2023.3244952},
	issn         = 21693536,
	keywords     = {Alzheimer's disease,AlzheimerNet,MRI imaging,deep learning,multiclassification}
}
@article{Sharma2022,
	title        = {A deep learning based convolutional neural network model with VGG16 feature extractor for the detection of Alzheimer Disease using MRI scans},
	author       = {Sharma, Shagun and Guleria, Kalpna and Tiwari, Sunita and Kumar, Sushil},
	year         = 2022,
	journal      = {Measurement: Sensors},
	publisher    = {Elsevier Ltd},
	volume       = 24,
	pages        = 100506,
	doi          = {10.1016/j.measen.2022.100506},
	issn         = 26659174,
	url          = {https://doi.org/10.1016/j.measen.2022.100506},
	keywords     = {Alzheimer's disease,Deep learning,MRI,Machine learning,Neural networks,VGG16}
}
@article{Shen2020,
	title        = {Facial expression recognition based on bidirectional gated recurrent units within deep residual network},
	author       = {Shen, Wenjuan and Li, Xiaoling},
	year         = 2020,
	journal      = {International Journal of Intelligent Computing and Cybernetics},
	volume       = 13,
	number       = 4,
	pages        = {527--543},
	doi          = {10.1108/IJICC-07-2020-0088},
	issn         = 17563798,
	keywords     = {Bi-GRUs structure,Deep residual networks,Facial expression recognition,Inception-W model,Spatial and temporal features}
}
@article{Sheng2019,
	title        = {A novel joint HCPMMP method for automatically classifying Alzheimer's and different stage MCI patients},
	author       = {Sheng, Jinhua and Wang, Bocheng and Zhang, Qiao and Liu, Qingqiang and Ma, Yangjie and Liu, Weixiang and Shao, Meiling and Chen, Bin},
	year         = 2019,
	journal      = {Behavioural Brain Research},
	volume       = 365,
	number       = {Mci},
	pages        = {210--221},
	doi          = {10.1016/j.bbr.2019.03.004},
	issn         = 18727549,
	keywords     = {Alzheimer's disease (AD),Healthy control (HC),Human connectome project (HCP),Machine learning,Mild cognitive impairment (MCI),Multi-modal parcellation (MMP),Network-based analysis},
	pmid         = 30836158
}
@article{Sianturi2021,
	title        = {Stadium, Diagnosis, dan Tatalaksana Penyakit Alzheimer},
	author       = {Sianturi, Aditya Gloria Monalisa},
	year         = 2021,
	journal      = {Majalah Kesehatan Indonesia},
	volume       = 2,
	number       = 2,
	pages        = {39--44},
	doi          = {10.47679/makein.202132},
	issn         = {2745-6498},
	keywords     = {alzheimer,s disease}
}
@article{Singh2017,
	title        = {Efficient Medical Image Enhancement using CLAHE Enhancement and Wavelet Fusion},
	author       = {Singh, Brij Bhan and Patel, Shailendra},
	year         = 2017,
	journal      = {International Journal of Computer Applications (IJCA)},
	volume       = 167,
	number       = 5,
	pages        = {1--5},
	keywords     = {contrast,limited adaptive histogram equalization,medical image enhancement,rgb color spaces,wavelet fusion}
}
@article{Singh2022,
	title        = {Review: Convolutional neural networks and its architecture},
	author       = {Singh, Kavya and Singh, Deepanshu and Mishra, Nitin},
	year         = 2022,
	journal      = {International journal of health sciences},
	volume       = 6,
	number       = {S1},
	pages        = {9183--9190},
	url          = {https://sciencescholar.us/journal/index.php/ijhs/article/view/7074}
}
@article{Song2021,
	title        = {Functional MRI-Specific Alterations in Salience Network in Mild Cognitive Impairment: An ALE Meta-Analysis},
	author       = {Song, Yu and Xu, Wenwen and Chen, Shanshan and Hu, Guanjie and Ge, Honglin and Xue, Chen and Qi, Wenzhang and Lin, Xingjian and Chen, Jiu},
	year         = 2021,
	journal      = {Frontiers in Aging Neuroscience},
	volume       = 13,
	number       = {July},
	pages        = {1--14},
	doi          = {10.3389/fnagi.2021.695210},
	issn         = 16634365,
	keywords     = {activation likelihood estimation,amnestic mild cognitive impairment,amplitude of low-frequency fluctuation,functional connectivity,mild cognitive impairment,regional homogeneity,salience network}
}
@article{Suangga2024,
	title        = {Kegiatan Keterampilan Melipat Kertas (Origami) pada Lansia di Rumah Bahagia Bintan},
	author       = {Suangga, Fitriany and Handayani, Wulan and Agustina, Puti and Lisandari, Yani and Kurniawan, Riski},
	year         = 2024,
	journal      = {Portal Riset dan Inovasi Pengabdian Masyarakat (PRIMA)},
	volume       = 3,
	number       = 2,
	pages        = {73--77},
	keywords     = {elderly,folding paper,origami}
}
@article{SyechAhmad2023,
	title        = {Implementasi Convolutional Neural Network (CNN) untuk Klasifikasi Ikan Cupang Berbasis Mobile},
	author       = {Syech Ahmad, Mochamad Taufik Ali and Sugiarto, Bambang},
	year         = 2023,
	journal      = {Digital Transformation Technology},
	volume       = 3,
	number       = 2,
	pages        = {712--723},
	doi          = {10.47709/digitech.v3i2.3245}
}
@article{Uddindar2023,
	title        = {A Novel Framework for Classification of Different Alzheimer ' s Disease Stages Using CNN Model},
	author       = {Ud din dar, Gowhar Mohi and Bhagat, Avinash and Ansarullah, Syed Immamul and Tahar, Mohamed and Othman, Ben and Hamid, Yasir and Alkahtani, Hend Khalid and Ullah, Inam and Hamam, Habib},
	year         = 2023,
	journal      = {Multidisciplinary Digital Publishing Institute (MDPI)},
	volume       = 12,
	number       = 2,
	pages        = {1--14}
}
@article{Varoquaux2022,
	title        = {Machine learning for medical imaging: methodological failures and recommendations for the future},
	author       = {Varoquaux, Gael and Cheplygina, Veronika},
	year         = 2022,
	journal      = {npj Digital Medicine},
	publisher    = {Springer US},
	volume       = 5,
	number       = 1,
	doi          = {10.1038/s41746-022-00592-y},
	issn         = 23986352
}
@article{Vinicius2019,
	title        = {Alzheimer's disease: risk factors and potentially protective measures},
	author       = {Vinicius, M and De Mello, C and Vieira, LC and Cruz de Souza, L and Gomes, KB and Carvalho, M},
	year         = 2019,
	journal      = {Journal of Biomedical Science},
	publisher    = {Journal of Biomedical Science},
	volume       = 26,
	number       = 1,
	pages        = {1--33},
	url          = {https://www.ncbi.nlm.nih.gov/pmc/articles/PMC6507104/},
	keywords     = {Acquired,Alzheimer's disease,Genetic risk factors,acquired risk factors,alzheimer,genetic risk factors,s disease}
}
@article{Wang2019,
	title        = {Pulmonary image classification based on inception-v3 transfer learning model},
	author       = {Wang, Cheng and Chen, Delei and Hao, Lin and Liu, Xuebo and Zeng, Yu and Chen, Jianwei and Zhang, Guokai},
	year         = 2019,
	journal      = {IEEE Access},
	publisher    = {IEEE},
	volume       = 7,
	pages        = {146533--146541},
	doi          = {10.1109/ACCESS.2019.2946000},
	isbn         = 1841195030,
	issn         = 21693536
}
@article{Wang2022,
	title        = {A review on extreme learning machine},
	author       = {Wang, Jian and Lu, Siyuan and Wang, Shui Hua and Zhang, Yu Dong},
	year         = 2022,
	journal      = {Multimedia Tools and Applications},
	publisher    = {Multimedia Tools and Applications},
	volume       = 81,
	number       = 29,
	pages        = {41611--41660},
	doi          = {10.1007/s11042-021-11007-7},
	issn         = 15737721,
	keywords     = {classification,clustering,extreme learning machine,medical imaging,neural network,optimization,regression}
}
@article{Wang2022a,
	title        = {A Recognition Method of Ancient Architectures Based on the Improved Inception V3 Model},
	author       = {Wang, Xinyang and Li, Jiaxun and Tao, Jin and Wu, Ling and Mou, Chao and Bai, Weihua and Zheng, Xiaotian and Zhu, Zirui and Deng, Zhuohong},
	year         = 2022,
	journal      = {Symmetry},
	volume       = 14,
	number       = 12,
	doi          = {10.3390/sym14122679},
	issn         = 20738994,
	keywords     = {Inception V3,ancient architecture classification,deep learning,dropout layer,transfer learning}
}
@book{Weiss2016,
	title        = {A survey of transfer learning},
	author       = {Weiss, Karl and Khoshgoftaar, Taghi M. and Wang, Ding Ding},
	year         = 2016,
	booktitle    = {Journal of Big Data},
	publisher    = {Springer International Publishing},
	volume       = 3,
	number       = 1,
	doi          = {10.1186/s40537-016-0043-6},
	isbn         = 4053701600,
	issn         = 21961115,
	keywords     = {Data mining,Domain adaptation,Machine learning,Survey,Transfer learning}
}
@article{Xie2023,
	title        = {Baseline structural MRI and plasma biomarkers predict longitudinal structural atrophy and cognitive decline in early Alzheimer ' s disease},
	author       = {Xie, Long and Das, Sandhitsu R and Wisse, Laura E M and Ittyerah, Ranjit and Flores, Robin De and Shaw, Leslie M and Yushkevich, Paul A and Wolk, David A and Initiative, Alzheimer's Disease Neuroimaging},
	year         = 2023,
	journal      = {Alzheimer's Research \& Therapy},
	publisher    = {BioMed Central},
	volume       = 15,
	number       = 1,
	pages        = 79,
	doi          = {10.1186/s13195-023-01210-z},
	issn         = {1758-9193},
	url          = {https://doi.org/10.1186/s13195-023-01210-z},
	keywords     = {Biomarkers,MRI,Plasma,Tau,biomarkers,mri,plasma,tau}
}
@article{Yadav2014,
	title        = {Contrast Limited Adaptive Histogram Equalization Based Enhancement For Real Time Video System},
	author       = {Yadav, Garima and Maheshwari, Saurabh and Agarwal, Anjali},
	year         = 2014,
	journal      = {2014 International Conference on Advances in Computing, Communications and Informatics (ICACCI), Delhi, India},
	pages        = {2392--2397},
	doi          = {10.1109/ICACCI.2014.6968381},
	isbn         = 9781479930807
}
@article{Yamanakkanavar2020,
	title        = {MRI segmentation and classification of human brain using deep learning for diagnosis of alzheimer's disease: A survey},
	author       = {Yamanakkanavar, Nagaraj and Choi, Jae Young and Lee, Bumshik},
	year         = 2020,
	journal      = {Sensors (Switzerland)},
	volume       = 20,
	number       = 11,
	pages        = {1--31},
	doi          = {10.3390/s20113243},
	issn         = 14248220,
	keywords     = {Alzheimer's disease,Deep learning,Magnetic resonance imaging},
	pmid         = 32517304
}
@article{Yaseen2018,
	title        = {Predicting compressive strength of lightweight foamed concrete using extreme learning machine model},
	author       = {Yaseen, Zaher Mundher and Deo, Ravinesh C and Hilal, Ameer and Abd, Abbas M and Bueno, Laura Cornejo and Salcedo-Sanz, Sancho and Nehdi, Moncef L},
	year         = 2018,
	journal      = {Advances in Engineering Software},
	volume       = 115,
	pages        = {112--125},
	doi          = {https://doi.org/10.1016/j.advengsoft.2017.09.004},
	issn         = {0965-9978},
	url          = {https://www.sciencedirect.com/science/article/pii/S0965997817304441},
	keywords     = {Compressive strength,ELM,Foamed concrete,M5 Tree,MARS,Prediction,SVR}
}
@article{Yenusi2023,
	title        = {Comparison of Convolutional Neural Network (CNN) Models in Face Classification of Papuan and Other Ethnicities},
	author       = {Yenusi, Yuni Naomi and Suryasatriya Trihandaru and Setiawan, Adi},
	year         = 2023,
	journal      = {JST (Jurnal Sains dan Teknologi)},
	volume       = 12,
	number       = 1,
	pages        = {261--268},
	doi          = {10.23887/jstundiksha.v12i1.46861},
	issn         = {2303-3142},
	keywords     = {access article under the,cc,computer,convolutional neural network model,face classification,this is an open}
}
@article{Zhang2022,
	title        = {The Performance Research of the Data Augmentation Method for Image Classification},
	author       = {Zhang, Ruirui and Zhou, Bolin and Lu, Chang and Ma, Manzeng},
	year         = 2022,
	journal      = {Mathematical Problems in Engineering},
	volume       = 2022,
	number       = 1,
	pages        = 2964829,
	doi          = {10.1155/2022/2964829},
	issn         = 15635147
}
@article{Zhao2020,
	title        = {Intelligent Recognition of Fatigue and Sleepiness Based on InceptionV3-LSTM via Multi-Feature Fusion},
	author       = {Zhao, Yifei and Xie, Kai and Zou, Zizhuang and He, Jian Biao},
	year         = 2020,
	journal      = {IEEE Access},
	volume       = 8,
	pages        = {144205--144217},
	doi          = {10.1109/ACCESS.2020.3014508},
	issn         = 21693536,
	keywords     = {Fatigue driving,LSTM network,blood volume pulse,blood volume pulse vector,convolutional neural network,heart rate variability}
}
@article{Zhong2015,
	title        = {High Performance Offline Handwritten Chinese Character Recognition Using GoogLeNet and Directional Feature Maps},
	author       = {Zhong, Zhuoyao and Jin, Lianwen and Xie, Zecheng},
	year         = 2015,
	journal      = {International Conference on Document Analysis and Recognition (ICDAR)},
	pages        = {846--850},
	doi          = {10.1109/ICDAR.2015.73338881},
	keywords     = {classifier ensemble,convolutional neural networks,deep learning,handwritten chinese character recognition}
}
@article{Zhou2021,
	title        = {Transfer learning and its application research},
	author       = {Zhou, Yancong and Zhang, Xuemei and Wang, Yan and Zhang, Bo},
	year         = 2021,
	journal      = {Journal of Physics: Conference Series},
	volume       = 1920,
	number       = 1,
	doi          = {10.1088/1742-6596/1920/1/012058},
	issn         = 17426596
}
@article{Zhuang2020,
	title        = {A Comprehensive Survey on Transfer Learning},
	author       = {Zhuang, Fuzhen and Qi, Zhiyuan and Duan, Keyu and Xi, Dongbo and Zhu, Yongchun and Zhu, Hengshu and Member, Senior and IEEE and Xiong, Hui and Fellow and IEEE and He, Qing},
	year         = 2020,
	journal      = {IEEE},
	volume       = 109,
	number       = 1,
	pages        = {43--76},
	archiveprefix = {arXiv},
	arxivid      = {arXiv:1911.02685v3},
	eprint       = {arXiv:1911.02685v3}
}
